% This file was created with Citavi 6.1.0.0

@book{Balzert.2009,
 author = {Balzert, Helmut},
 year = {2009},
 title = {Lehrbuch der Software-Technik},
 address = {Heidelberg},
 edition = {3. Aufl.},
 publisher = {{Spektrum, Akad. Verl.}},
 isbn = {9783827417053},
 series = {Lehrb{\"u}cher der Informatik}
}


@book{Berg.2014,
 abstract = {Agile Softwareentwicklung erlebt gegenw{\"a}rtig einen gro{\ss}en Hype. Neuerdings ist aber auch ein Gegentrend zu diesem Hype zur{\"u}ck zu den klassischen Vorgehensmodellen zu bemerken. Hybride Softwareentwicklung beschreibt einen Ansatz, der die Vorteile beider Welten in einem Modell vereint und stellt seine Praxistauglichkeit anhand von Case Studies unter Beweis. Die Autoren erl{\"a}utern die Vorteile der hybriden Softwareentwicklung und diskutieren praxisorientierte L{\"o}sungsans{\"a}tze f{\"u}r IT-Manager und Projektleiter.},
 author = {Berg, Bj{\"o}rn and Knott, Philip and Sandhaus, Gregor},
 year = {2014},
 title = {Hybride Softwareentwicklung: Das Beste aus klassischen und agilen Methoden in einem Modell vereint},
 address = {Berlin, Heidelberg},
 publisher = {{Springer Berlin Heidelberg} and {Imprint: Springer Vieweg}},
 isbn = {978-3-642-55064-5},
 series = {Xpert.press}
}


@book{BrandtPook.2015,
 author = {Brandt-Pook, Hans},
 year = {2015},
 title = {Softwareentwicklung kompakt und verstandlich: Wie softwaresysteme entstehen},
 address = {[Place of publication not identified]},
 publisher = {{Morgan Kaufmann}},
 isbn = {978-3-658-10876-2}
}


@book{Friedrich.2009,
 author = {Friedrich, Jan},
 year = {2009},
 title = {Das V-Modell XT: F{\"u}r Projektleiter und QS-Verantwortliche - kompakt und {\"u}bersichtlich},
 address = {Berlin and Heidelberg},
 publisher = {Springer},
 isbn = {978-3-540-76404-5},
 series = {Informatik im Fokus}
}


@book{Gloger.2018,
 author = {Gloger, Boris and Margetich, J{\"u}rgen},
 year = {2018},
 title = {Das Scrum-Prinzip: Agile Organisationen aufbauen und gestalten},
 address = {Stuttgart},
 edition = {2., aktualisierte und erweiterte Auflage},
 publisher = {{Sch{\"a}ffer-Poeschel Verlag}},
 isbn = {9783791039473}
}


@book{GLOGER.2017,
 author = {GLOGER},
 year = {2017},
 title = {SCRUM THINK BIG},
 address = {[S.l.]},
 publisher = {{CARL HANSER VERLAG GMBH {\&}}},
 isbn = {9783446446342}
}


@book{Hohn.2008,
 abstract = {Das V-Modell XT ist ein Prozessmodell f{\"u}r die Planung und Durchf{\"u}hrung der Systementwicklung in IT-Projekten. Es ist f{\"u}r alle IT-Projekte der deutschen Bundesbeh{\"o}rden verbindlich und liegt seit Juni 2006 in der wesentlich erweiterten Version 1.2.1 vor. Das Buch f{\"u}hrt in die Konzepte des V-Modell XT ein und dient als Begleiter f{\"u}r die Durchf{\"u}hrung von IT-Projekten und die organisationsspezifische Anpassung und Einf{\"u}hrung. Von herk{\"o}mmlichen Vorgehensmodellen hebt sich das V-Modell XT durch innovative Konzepte ab: Modulare, flexibel kombinierbare Vorgehensbausteine zur Anpassung an Projekttypen, {\"u}berRollen, Produkte und Aktivit{\"a}ten. Anstelle starrer Phasen, mehrere Projektdurchf{\"u}hrungsstrategien, z.B. inkrementelle, agile und komponentenorientierte Entwicklung. statt der Abarbeitung von Aktivit{\"a}ten in einer festgelegten Reihenfolge, Produkte zu Entscheidungspunkten vor. Mit Migration, Ergonomie, Systemsicherheit, Ausschreibung, Vertragsschluss und Abnahme wurden neue Themenbereiche integriert. Unterst{\"u}tzung von Auftragnehmern von IT-Projekten und Auftraggebern. formal definiertes Meta-Modell auch in strukturierter Bin{\"a}rform. zum Werkzeug-gest{\"u}tzten Tailoring und zur automatische Generierung von Produktvorlagen. Das Buch ist als Grundlage f{\"u}r Vorlesungen geeignet, wie auch f{\"u}r die autodidaktische Erschlie{\ss}ung. Die Autoren besitzen Lehrerfahrung (Hochschule, Fachhochschule, Betriebsakademien) und langj{\"a}hrige Projekterfahrung in der Implementierung Vorgehensmodellen. Das Buch wird von einem {\"U}bungsband begleitet.},
 author = {H{\"o}hn, Reinhard and H{\"o}ppner, Stephan},
 year = {2008},
 title = {Das V-Modell XT: Grundlagen, Methodik und Anwendungen},
 address = {Berlin, Heidelberg},
 publisher = {{Springer Berlin Heidelberg}},
 isbn = {978-3-540-30250-6},
 series = {EXamen.press}
}


@book{Kniberg.2015,
 abstract = {The tricky part to agile software development is that there is no manual telling you exactly how to do it. You have to experiment and continuously adapt the process until it suits your specific situation. This book aims to give you a head start by providing a detailed down-to-earth account of how one Swedish company implemented Scrum and XP with a team of approximately 40 people and how they continuously improved their process over a year's time.},
 author = {Kniberg, Henrik and Sutherland, Jeff},
 year = {2015},
 title = {Scrum and XP from the Trenches: How we do Scrum},
 edition = {2nd edition},
 publisher = {C4Media},
 isbn = {9781430322641},
 series = {InfoQ Enterprise Software Development series}
}


@book{Kuhnlein.2016,
 author = {K{\"u}hnlein, Stefan and Seubert, Holger},
 year = {2016},
 title = {Native Anwendungsentwicklung mit SAP HANA},
 address = {Bonn},
 edition = {1. Auflage},
 publisher = {{Rheinwerk Publishing}},
 isbn = {9783836238670},
 series = {SAP PRESS}
}


@book{Kuhrmann.2011,
 author = {Kuhrmann, Marco and Ternit{\'e}, Thomas and Friedrich, Jan},
 year = {2011},
 title = {Das V-Modell XT anpassen: Anpassung und Einf{\"u}hrung kompakt f{\"u}r V-Modell-XT-Prozessingenieure},
 address = {Berlin and Heidelberg},
 publisher = {Springer},
 isbn = {978-3-642-01490-1},
 series = {Informatik im Fokus}
}


@book{Schell.2017,
 author = {Schell, Otto and Schocke, Kai-Oliver and Schmid-Lutz, Veronika and Stockrahm, Volker and Zinovieva, Julia},
 year = {2017},
 title = {Industrie 4.0 mit SAP: Digitale Transformation und das Internet of Things (IoT)},
 address = {Bonn},
 edition = {1. Auflage, neue Ausgabe},
 publisher = {Rheinwerk and {SAP PRESS}},
 isbn = {9783836242721},
 series = {SAP PRESS}
}


@book{Vogel.2005,
 author = {Vogel, Oliver},
 year = {2005},
 title = {Software-Architektur: Grundlagen - Konzepte - Praxis},
 address = {Heidelberg},
 publisher = {{Spektrum Akademischer Verlag}},
 isbn = {9783827415349}
}


