% This file was created with Hyperion TS 5.1

@misc{NAME.2017,
 author = {{NAME}},
 year = {2017},
 title = {NAME, NAME // Position},
}

@BOOK{Wintson.2017,
	AUTHOR = {Patrick, Wintson},
	YEAR = {2017},
	TITLE = {Artificial Intelligence},
	EDITION = {},
	ISBN = {978-3-658-02608-0},
	PUBLISHER = {Springer-Verlag},
	ADDRESS = {Berlin Heidelberg New York},
}